@misc{park2023generativeagentsinteractivesimulacra,
    title         = {Generative Agents: Interactive Simulacra of Human Behavior},
    author        = {Joon Sung Park and Joseph C. O'Brien and Carrie J. Cai and Meredith Ringel Morris and Percy Liang and Michael S. Bernstein},
    year          = {2023},
    eprint        = {2304.03442},
    archiveprefix = {arXiv},
    primaryclass  = {cs.HC},
    url           = {https://arxiv.org/abs/2304.03442}
}
